<?xml version="1.0" encoding="UTF-8"?><record xmlns="http://www.loc.gov/MARC21/slim" xmlns:cinclude="http://apache.org/cocoon/include/1.0" xmlns:zs="http://www.loc.gov/zing/srw/">
  <leader>00447cz  a2200133n  4500</leader>
  <controlfield tag="001">n  84120834 </controlfield>
  <controlfield tag="003">DLC</controlfield>
  <controlfield tag="005">20081203080614.0</controlfield>
  <controlfield tag="008">841002n| acannaabn          |n ana      </controlfield>
  <datafield tag="010" ind1=" " ind2=" ">
    <subfield code="a">n  84120834 </subfield>
  </datafield>
  <datafield tag="035" ind1=" " ind2=" ">
    <subfield code="a">(OCoLC)oca01306113</subfield>
  </datafield>
  <datafield tag="040" ind1=" " ind2=" ">
    <subfield code="a">DLC</subfield>
    <subfield code="b">eng</subfield>
    <subfield code="c">DLC</subfield>
    <subfield code="d">DLC</subfield>
    <subfield code="d">OCoLC</subfield>
  </datafield>
  <datafield tag="110" ind1="2" ind2=" ">
    <subfield code="a">Fukuoka-ken Kōtō Gakkō Seibutsu Kenkyū Bukai</subfield>
  </datafield>
  <datafield tag="670" ind1=" " ind2=" ">
    <subfield code="a">Fukuoka-ken seibutsushi, 1974-1982:</subfield>
    <subfield code="b">v. 1, colophon (Fukuoka-ken Kōtō Gakkō Seibutsu Kenkyū Bukai)</subfield>
  </datafield>
</record>